%% Saved with string encoding Unicode (UTF-8) 
@inproceedings{ltl,
	title={The temporal logic of programs},
	author={Pnueli, Amir},
	booktitle={Foundations of Computer Science, 1977., 18th Annual Symposium on},
	pages={46--57},
	year={1977},
	organization={IEEE}
}

@article{Courcelle83,
	author    = {Bruno Courcelle},
	title     = {Fundamental Properties of Infinite Trees},
	journal   = {Theor. Comput. Sci.},
	volume    = {25},
	pages     = {95--169},
	year      = {1983},
	timestamp = {Sun, 28 May 2017 13:19:59 +0200},
	biburl    = {http://dblp.uni-trier.de/rec/bib/journals/tcs/Courcelle83},
	bibsource = {dblp computer science bibliography, http://dblp.org}
}

@book{modelchecking,
	title={Model checking},
	author={Clarke, Edmund M and Grumberg, Orna and Peled, Doron},
	year={1999},
	publisher={MIT press}
}

@article{javadynamic,
	title={Dynamic Event Generation for Runtime Checking using the JDI},
	author={Br{\"o}rkens, Mark and M{\"o}ller, Michael},
	journal={Electronic Notes in Theoretical Computer Science},
	volume={70},
	number={4},
	pages={21--35},
	year={2002},
	publisher={Elsevier}
}

@inproceedings{mop,
	title={Java-MOP: A Monitoring Oriented Programming Environment for Java.},
	author={Chen, Feng and Rosu, Grigore},
	booktitle={TACAS},
	volume={3440},
	pages={546--550},
	year={2005},
	organization={Springer}
}

@article{artho2005combining,
	title={Combining test case generation and runtime verification},
	author={Artho, Cyrille and Barringer, Howard and Goldberg, Allen and Havelund, Klaus and Khurshid, Sarfraz and Lowry, Mike and Pasareanu, Corina and Ro{\c{s}}u, Grigore and Sen, Koushik and Visser, Willem and others},
	journal={Theoretical Computer Science},
	volume={336},
	number={2-3},
	pages={209--234},
	year={2005},
	publisher={Elsevier}
}

@inproceedings{pql,
	title={Finding application errors and security flaws using PQL: a program query language},
	author={Martin, Michael and Livshits, Benjamin and Lam, Monica S},
	booktitle={ACM SIGPLAN Notices},
	volume={40},
	number={10},
	pages={365--383},
	year={2005},
	organization={ACM}
}

@inproceedings{rr,
	title={Model-based runtime analysis of distributed reactive systems},
	author={Bauer, Andreas and Leucker, Martin and Schallhart, Christian},
	booktitle={Software Engineering Conference, 2006. Australian},
	pages={10--pp},
	year={2006},
	organization={IEEE}
}

@inproceedings{CoLP06,
	author    = {Luke Simon and
	Ajay Mallya and
	Ajay Bansal and
	Gopal Gupta},
	title     = {Coinductive Logic Programming},
	booktitle = {Logic Programming, 22nd International Conference, {ICLP} 2006, Seattle,
	WA, USA, August 17-20, 2006, Proceedings},
	pages     = {330--345},
	year      = {2006},
	timestamp = {Fri, 02 Jun 2017 13:01:07 +0200},
	biburl    = {http://dblp.uni-trier.de/rec/bib/conf/iclp/SimonMBG06},
	bibsource = {dblp computer science bibliography, http://dblp.org}
}

@article{rv,
	title={A brief account of runtime verification},
	author={Leucker, Martin and Schallhart, Christian},
	journal={The Journal of Logic and Algebraic Programming},
	volume={78},
	number={5},
	pages={293--303},
	year={2009},
	publisher={Elsevier}
}

@article{webservices,
	title={Runtime verification of web service interface contracts},
	author={Hall{\'e}, Sylvain and Bultan, Tevfik and Hughes, Graham and Alkhalaf, Muath and Villemaire, Roger},
	journal={Computer},
	volume={43},
	number={3},
	year={2010},
	publisher={IEEE}
}

@inproceedings{webapps,
	title={Runtime Verification for the Web},
	author={Hall{\'e}, Sylvain and Villemaire, Roger},
	booktitle={Runtime Verification},
	pages={106--121},
	year={2010},
	organization={Springer}
}

@book{testing,
	title={The art of software testing},
	author={Myers, Glenford J and Sandler, Corey and Badgett, Tom},
	year={2011},
	publisher={John Wiley \& Sons}
}

@article{ltl3,
	title={Runtime verification for LTL and TLTL},
	author={Bauer, Andreas and Leucker, Martin and Schallhart, Christian},
	journal={ACM Transactions on Software Engineering and Methodology (TOSEM)},
	volume={20},
	number={4},
	pages={14},
	year={2011},
	publisher={ACM}
}

@book{EcmaScript,
  added-at = {2012-10-14T23:50:22.000+0200},
  author = {{ECMA International}},
  biburl = {https://www.bibsonomy.org/bibtex/2a9b23a5e720836b2505b7aac7fdc4638/gron},
  edition = {5.1},
  interhash = {b179dfe8f7ed6ef5ad2a2c4705d88de6},
  intrahash = {a9b23a5e720836b2505b7aac7fdc4638},
  keywords = {ECMA JavaScript Specification Standard},
  timestamp = {2012-10-14T23:50:23.000+0200},
  title = {Standard ECMA-262 - ECMAScript Language Specification},
  url = {http://www.ecma-international.org/publications/standards/Ecma-262.htm},
  year = 2011
}

@inproceedings{AnconaDM12,
	author    = {Davide Ancona and
	Sophia Drossopoulou and
	Viviana Mascardi},
	title     = {Automatic Generation of Self-monitoring MASs from Multiparty Global
	Session Types in Jason},
	booktitle = {Declarative Agent Languages and Technologies {X} - 10th International
	Workshop, {DALT} 2012, Valencia, Spain, June 4, 2012, Revised Selected
	Papers},
	pages     = {76--95},
	year      = {2012},
	timestamp = {Fri, 19 May 2017 01:26:07 +0200},
	biburl    = {http://dblp.uni-trier.de/rec/bib/conf/dalt/AnconaDM12},
	bibsource = {dblp computer science bibliography, http://dblp.org}
}

@inproceedings{jalangi,
	title={Jalangi: A selective record-replay and dynamic analysis framework for JavaScript},
	author={Sen, Koushik and Kalasapur, Swaroop and Brutch, Tasneem and Gibbs, Simon},
	booktitle={Proceedings of the 2013 9th Joint Meeting on Foundations of Software Engineering},
	pages={488--498},
	year={2013},
	organization={ACM}
}

@book{itp,
	title={Interactive theorem proving and program development: Coq'Art: the calculus of inductive constructions},
	author={Bertot, Yves and Cast{\'e}ran, Pierre},
	year={2013},
	publisher={Springer Science \& Business Media}
}

@inproceedings{rviot1,
	title={Run-time verification of behaviour-aware mashups in the internet of things},
	author={Gonz{\'a}lez, Laura and Cubo, Javier and Brogi, Antonio and Pimentel, Ernesto and Ruggia, Ra{\'u}l},
	booktitle={European Conference on Service-Oriented and Cloud Computing},
	pages={318--330},
	year={2013},
	organization={Springer}
}

@inproceedings{AnconaBFMT14,
	author    = {Davide Ancona and
	Daniela Briola and
	Amal El Fallah{-}Seghrouchni and
	Viviana Mascardi and
	Patrick Taillibert},
	title     = {Efficient Verification of MASs with Projections},
	booktitle = {Engineering Multi-Agent Systems - Second International Workshop, {EMAS}
	2014, Paris, France, May 5-6, 2014, Revised Selected Papers},
	pages     = {246--270},
	year      = {2014},
	timestamp = {Fri, 19 May 2017 01:26:07 +0200},
	biburl    = {http://dblp.uni-trier.de/rec/bib/conf/dalt/AnconaBFMT14},
	bibsource = {dblp computer science bibliography, http://dblp.org}
}

@incollection{de2014combining,
	title={Combining monitoring with run-time assertion checking},
	author={de Boer, Frank S and de Gouw, Stijn},
	booktitle={Formal Methods for Executable Software Models},
	pages={217--262},
	year={2014},
	publisher={Springer}
}

@article{BoerEtAl14,
  author    = {de Boer, F.S. and
               de Gouw, S. and
               Johnsen, E.B. and
               Kohn, A. and
               Wong, P. Y. H.},
  title     = {Run-Time Assertion Checking of Data- and Protocol-Oriented Properties
               of Java Programs: An Industrial Case Study},
  journal   = {Trans. Aspect-Oriented Software Development},
  volume    = {11},
  pages     = {1--26},
  year      = {2014},
}

@inproceedings{rviot2,
	title={Towards run-time verification of adaptive security for IoT in eHealth},
	author={Torjusen, Arild B and Abie, Habtamu and Paintsil, Ebenezer and Trcek, Denis and Skomedal, {\AA}smund},
	booktitle={Proceedings of the 2014 European Conference on Software Architecture Workshops},
	pages={4},
	year={2014},
	organization={ACM}
}

@inproceedings{BriolaMA14,
	author    = {Daniela Briola and
	Viviana Mascardi and
	Davide Ancona},
	title     = {Distributed Runtime Verification of {JADE} Multiagent Systems},
	booktitle = {Intelligent Distributed Computing {VIII} - Proceedings of the 8th
	International Symposium on Intelligent Distributed Computing, {IDC}
	2014, Madrid, Spain, September 3-5, 2014},
	pages     = {81--91},
	year      = {2014},
	timestamp = {Fri, 26 May 2017 00:49:45 +0200},
	biburl    = {http://dblp.uni-trier.de/rec/bib/conf/idc/BriolaMA14},
	bibsource = {dblp computer science bibliography, http://dblp.org}
}

@inproceedings{ancona2015global,
	title={Global protocols as first class entities for self-adaptive agents},
	author={Ancona, Davide and Briola, Daniela and Ferrando, Angelo and Mascardi, Viviana},
	booktitle={Proceedings of the 2015 International Conference on Autonomous Agents and Multiagent Systems},
	pages={1019--1029},
	year={2015},
	organization={International Foundation for Autonomous Agents and Multiagent Systems}
}

@article{AnconaBB0CDGGGH16,
author    = {Davide Ancona and
Viviana Bono and
Mario Bravetti and
Joana Campos and
Giuseppe Castagna and
Pierre{-}Malo Deni{\'{e}}lou and
Simon J. Gay and
Nils Gesbert and
Elena Giachino and
Raymond Hu and
Einar Broch Johnsen and
Francisco Martins and
Viviana Mascardi and
Fabrizio Montesi and
Rumyana Neykova and
Nicholas Ng and
Luca Padovani and
Vasco T. Vasconcelos and
Nobuko Yoshida},
title     = {Behavioral Types in Programming Languages},
journal   = {Foundations and Trends in Programming Languages},
volume    = {3},
number    = {2-3},
pages     = {95--230},
year      = {2016},
timestamp = {Fri, 26 May 2017 22:50:41 +0200},
biburl    = {http://dblp.uni-trier.de/rec/bib/journals/ftpl/AnconaBB0CDGGGH16},
bibsource = {dblp computer science bibliography, http://dblp.org}
}

@incollection{ancona2016comparing,
	title={Comparing trace expressions and linear temporal logic for runtime verification},
	author={Ancona, Davide and Ferrando, Angelo and Mascardi, Viviana},
	booktitle={Theory and Practice of Formal Methods},
	pages={47--64},
	year={2016},
	publisher={Springer}
}

@inproceedings{AnconaFM16,
	author    = {Davide Ancona and
	Angelo Ferrando and
	Viviana Mascardi},
	title     = {Comparing Trace Expressions and Linear Temporal Logic for Runtime
	Verification},
	booktitle = {Theory and Practice of Formal Methods - Essays Dedicated to Frank
	de Boer on the Occasion of His 60th Birthday},
	pages     = {47--64},
	year      = {2016},
	timestamp = {Thu, 01 Jun 2017 18:57:56 +0200},
	biburl    = {http://dblp.uni-trier.de/rec/bib/conf/birthday/AnconaFM16},
	bibsource = {dblp computer science bibliography, http://dblp.org}
}

@inproceedings{Leotta17TestingIoT,
	author = "Maurizio Leotta
	and Filippo Ricca
	and Diego Clerissi
	and Davide Ancona
	and Giorgio Delzanno
	and Marina Ribaudo
	and Luca Franceschini",
	title = "Towards an Acceptance Testing Approach for Internet of Things Systems",
	booktitle = "Proceedings of the 1st International Workshop on Engineering the Web of Things",
	year = "2017",
	publisher = "Springer",
	series = "Lecture Notes in Computer Science",
	note = "To appear"
}

@inproceedings{AnconaFM17,
	author    = {Davide Ancona and
	Angelo Ferrando and
	Viviana Mascardi},
	title     = {Parametric Runtime Verification of Multiagent Systems},
	booktitle = {Proceedings of the 16th Conference on Autonomous Agents and MultiAgent
	Systems, {AAMAS} 2017, S{\~{a}}o Paulo, Brazil, May 8-12, 2017},
	pages     = {1457--1459},
	year      = {2017},
	timestamp = {Thu, 11 May 2017 14:16:32 +0200},
	biburl    = {http://dblp.uni-trier.de/rec/bib/conf/atal/AnconaFM17},
	bibsource = {dblp computer science bibliography, http://dblp.org}
}

@inproceedings{ParametricJava17,
	author = {Ancona, Davide and Ferrando, Angelo and Franceschini, Luca and Mascardi, Viviana},
	title = {Parametric Trace Expressions for Runtime Verification of Java-Like Programs},
	booktitle = {Proceedings of the 19th Workshop on Formal Techniques for Java-like Programs},
	series = {FTFJP'17},
	year = {2017},
	location = {Barcelona, Spain},
	pages = {10:1--10:6},
	articleno = {10},
	numpages = {6},
	acmid = {3104037},
	publisher = {ACM},
	address = {New York, NY, USA},
	keywords = {labeled transition systems, object-oriented languages, runtime monitoring, trace expressions},
}

@inproceedings{TowardsIoT17,
	author = {Davide Ancona and
		Luca Franceschini and
		Giorgio Delzanno and
		Maurizio Leotta and
		Marina Ribaudo and
		Filippo Ricca},
	title = {Towards Runtime Monitoring of {Node.js} and Its Application to the Internet of Things},
	booktitle = {Proceedings of the 1st Workshop on Architectures, Languages and Paradigms for {IoT}},
	year = {2017},
	note = {To appear}
}

@Inbook{giorgio17,
	author="Ancona, Davide
	and Delzanno, Giorgio
	and Franceschini, Luca
	and Leotta, Maurizio
	and Prampolini, Enrico
	and Ribaudo, Marina
	and Ricca, Filippo",
	editor="Hague, Matthew
	and Potapov, Igor",
	title="An Abstract Machine for Asynchronous Programs with Closures and Priority Queues",
	bookTitle="Reachability Problems: 11th International Workshop, RP 2017, London, UK, September 7-9, 2017, Proceedings",
	year="2017",
	publisher="Springer International Publishing",
	address="Cham",
	pages="59--74",
}

@Inbook{Rosenberg2016,
	author="Rosenberg, Carl Martin
	and Steffen, Martin
	and Stolz, Volker",
	editor="Falcone, Yli{\`e}s
	and S{\'a}nchez, C{\'e}sar",
	title="Leveraging DTrace for Runtime Verification",
	bookTitle="Runtime Verification: 16th International Conference, RV 2016, Madrid, Spain, September 23--30, 2016, Proceedings",
	year="2016",
	publisher="Springer International Publishing",
	address="Cham",
	pages="318--332",
	isbn="978-3-319-46982-9",
	doi="10.1007/978-3-319-46982-9_20",
	url="https://doi.org/10.1007/978-3-319-46982-9_20"
}

@book{dtrace,
  title={DTrace: Dynamic Tracing in Oracle Solaris, Mac OS X, and FreeBSD},
  author={Gregg, Brendan and Mauro, Jim},
  year={2011},
  publisher={Prentice Hall Professional}
}

@article{Nodejs10, 
	author={S. Tilkov and S. Vinoski}, 
	journal={IEEE Internet Computing}, 
	title={Node.js: Using JavaScript to Build High-Performance Network Programs}, 
	year={2010}, 
	volume={14}, 
	number={6}, 
	pages={80-83}, 
	keywords={Java;Node.js;concurrent program;event-driven programming model;high performance network program;mainstream multithreading;server-side JavaScript space;Instruction sets;Libraries;Programming;Registers;Servers;Sockets;Writing;Internet;JavaScript;Node;Node.js;Web development;functional programming}, 
	doi={10.1109/MIC.2010.145}, 
	ISSN={1089-7801}, 
	month={11}
}

@inproceedings{NodejsPerformance14, 
	author={K. Lei and Y. Ma and Z. Tan}, 
	booktitle={2014 IEEE 17th International Conference on Computational Science and Engineering}, 
	title={Performance Comparison and Evaluation of Web Development Technologies in PHP, Python, and Node.js}, 
	year={2014}, 
	volume={}, 
	number={}, 
	pages={661-668}, 
	keywords={Internet;object-oriented methods;Node.js;PHP;Python-Web;Web development technology;data-intensive Web application;Benchmark testing;Concurrent computing;Educational institutions;Java;Web servers;Benchmark Test;Node.js;Performance Evaluation;Scenario Test;Web Development}, 
	doi={10.1109/CSE.2014.142}, 
	ISSN={}, 
	month={12}
}

@article{contracts, 
	author={Bertrand Meyer}, 
	journal={Computer}, 
	title={Applying 'design by contract'}, 
	year={1992}, 
	volume={25}, 
	number={10}, 
	pages={40-51}, 
	keywords={contracts;object-oriented programming;software reliability;software reusability;Eiffel;design by contract;object-oriented software construction;object-oriented techniques;programming language;software libraries;software reliability;Books;Computer bugs;Contracts;Guidelines;Object oriented programming;Pressing;Reliability theory;Robustness;Software engineering;Software systems}, 
	doi={10.1109/2.161279}, 
	ISSN={0018-9162}, 
	month={10}
}

@InProceedings{sessiontypes,
author="Honda, Kohei",
editor="Best, Eike",
title="Types for dyadic interaction",
booktitle="CONCUR'93",
year="1993",
publisher="Springer Berlin Heidelberg",
address="Berlin, Heidelberg",
pages="509--523",
abstract="We formulate a typed formalism for concurrency where types denote freely composable structure of dyadic interaction in the symmetric scheme. The resulting calculus is a typed reconstruction of name passing process calculi. Systems with both the explicit and implicit typing disciplines, where types form a simple hierarchy of types, are presented, which are proved to be in accordance with each other. A typed variant of bisimilarity is formulated and it is shown that typed $\beta$-equality has a clean embedding in the bisimilarity. Name reference structure induced by the simple hierarchy of types is studied, which fully characterises the typable terms in the set of untyped terms. It turns out that the name reference structure results in the deadlock-free property for a subset of terms with a certain regular structure, showing behavioural significance of the simple type discipline.",
isbn="978-3-540-47968-0"
}

@inproceedings{distributedltl, 
	author={T. Scheffel and M. Schmitz}, 
	booktitle={2014 Twelfth ACM/IEEE Conference on Formal Methods and Models for Codesign (MEMOCODE)}, 
	title={Three-valued asynchronous distributed runtime verification}, 
	year={2014}, 
	volume={}, 
	number={}, 
	pages={52-61}, 
	keywords={distributed processing;formal verification;temporal logic;Bluetooth;LEGO Mindstorms NXT robots;LTL3;distributed asynchronous systems;monitor generation procedure;past-time distributed temporal logic;ptDTL;runtime verification;three-valued linear temporal logic;three-valued monitoring;Biomedical monitoring;Monitoring;Robots;Runtime;Safety;Semantics;Vectors}, 
	doi={10.1109/MEMCOD.2014.6961843}, 
	ISSN={}, 
	month={Oct}
}

@inproceedings{Toninho11,
 author = {Toninho, Bernardo and Caires, Lu\'{\i}s and Pfenning, Frank},
 title = {Dependent Session Types via Intuitionistic Linear Type Theory},
 booktitle = {Proceedings of the 13th International ACM SIGPLAN Symposium on Principles and Practices of Declarative Programming},
 series = {PPDP '11},
 year = {2011},
 isbn = {978-1-4503-0776-5},
 location = {Odense, Denmark},
 pages = {161--172},
 numpages = {12},
 url = {http://doi.acm.org/10.1145/2003476.2003499},
 doi = {10.1145/2003476.2003499},
 acmid = {2003499},
 publisher = {ACM},
 address = {New York, NY, USA},
 keywords = {process calculus, type theory},
}

@article{globalst,
 author = {Honda, Kohei and Yoshida, Nobuko and Carbone, Marco},
 title = {Multiparty Asynchronous Session Types},
 booktitle = {Proceedings of the 35th Annual ACM SIGPLAN-SIGACT Symposium on Principles of Programming Languages},
 series = {POPL '08},
 year = {2008},
 isbn = {978-1-59593-689-9},
 location = {San Francisco, California, USA},
 pages = {273--284},
 numpages = {12},
 url = {http://doi.acm.org/10.1145/1328438.1328472},
 doi = {10.1145/1328438.1328472},
 acmid = {1328472},
 publisher = {ACM},
 address = {New York, NY, USA},
 keywords = {causality, choreography, communications, mobile processes, multiparty, session types, structured programming},
}

@InProceedings{Vasconcelos11,
	author="Mostrous, Dimitris
	and Vasconcelos, Vasco T.",
	editor="De Meuter, Wolfgang
	and Roman, Gruia-Catalin",
	title="Session Typing for a Featherweight Erlang",
	booktitle="Coordination Models and Languages",
	year="2011",
	publisher="Springer Berlin Heidelberg",
	address="Berlin, Heidelberg",
	pages="95--109",
	isbn="978-3-642-21464-6"
}

@article{proxy,
 author = {Van Cutsem, Tom and Miller, Mark S.},
 title = {Proxies: Design Principles for Robust Object-oriented Intercession APIs},
 journal = {SIGPLAN Not.},
 issue_date = {December 2010},
 volume = {45},
 number = {12},
 month = oct,
 year = {2010},
 issn = {0362-1340},
 pages = {59--72},
 numpages = {14},
 url = {http://doi.acm.org/10.1145/1899661.1869638},
 doi = {10.1145/1899661.1869638},
 acmid = {1869638},
 publisher = {ACM},
 address = {New York, NY, USA},
 keywords = {Javascript, intercession, proxies, reflection},
}

@inproceedings{linvail, 
	author={L. Christophe and E. G. Boix and W. D. Meuter and C. D. Roover}, 
	booktitle={2016 IEEE 23rd International Conference on Software Analysis, Evolution, and Reengineering (SANER)}, 
	title={Linvail: A General-Purpose Platform for Shadow Execution of JavaScript}, 
	year={2016}, 
	volume={1}, 
	number={}, 
	pages={260-270}, 
	keywords={Java;program diagnostics;JavaScript programs;Linvail;analysis-specific data;dynamic analysis;general-purpose platform;instrumentation platform;performance overhead;shadow execution;tagged object tracking;tagged primitive value tracking;tagged runtime values;Engines;Instruments;Performance analysis;Reactive power;Runtime;Semantics;Tagging;Dynamic Analysis;JavaScript;Object Proxy;Shadow Execution;Taint Analysis}, 
	doi={10.1109/SANER.2016.91}, 
	ISSN={}, 
	month={3}
}

@inproceedings{jsonschema,
 author = {Pezoa, Felipe and Reutter, Juan L. and Suarez, Fernando and Ugarte, Mart\'{\i}n and Vrgo\v{c}, Domagoj},
 title = {Foundations of JSON Schema},
 booktitle = {Proceedings of the 25th International Conference on World Wide Web},
 series = {WWW '16},
 year = {2016},
 isbn = {978-1-4503-4143-1},
 location = {Montr\&\#233;al, Qu\&\#233;bec, Canada},
 pages = {263--273},
 numpages = {11},
 url = {https://doi.org/10.1145/2872427.2883029},
 doi = {10.1145/2872427.2883029},
 acmid = {2883029},
 publisher = {International World Wide Web Conferences Steering Committee},
 address = {Republic and Canton of Geneva, Switzerland},
 keywords = {JSON, JSON schema, JSON validation, expressiveness of schema languages},
}

@InProceedings{eventloop,
	author="Miller, Mark S.
	and Tribble, E. Dean
	and Shapiro, Jonathan",
	editor="De Nicola, Rocco
	and Sangiorgi, Davide",
	title="Concurrency Among Strangers",
	booktitle="Trustworthy Global Computing",
	year="2005",
	publisher="Springer Berlin Heidelberg",
	address="Berlin, Heidelberg",
	pages="195--229",
	abstract="Programmers write programs, expressing plans for machines to execute. When composed so that they may cooperate, plans may instead interfere with each other in unanticipated ways. Plan coordination is the art of simultaneously enabling plans to cooperate, while avoiding hazards of destructive plan interference. For sequential computation within a single machine, object programming supports plan coordination well. For concurrent computation, this paper shows how hard it is to use locking to prevent plans from interfering without also destroying their ability to cooperate.",
	isbn="978-3-540-31483-7"
}
